@article{uep,
  title={Unequal error protection using fountain codes with applications to video communication},
  author={Ahmad, Shakeel and Hamzaoui, Raouf and Al-Akaidi, Marwan M},
  journal={IEEE Transactions on Multimedia},
  volume={13},
  number={1},
  pages={92--101},
  year={2011},
  publisher={IEEE}
}

@article{svc,
  title={Overview of the scalable video coding extension of the H. 264/AVC standard},
  author={Schwarz, Heiko and Marpe, Detlev and Wiegand, Thomas},
  journal={IEEE Transactions on circuits and systems for video technology},
  volume={17},
  number={9},
  pages={1103--1120},
  year={2007},
  publisher={IEEE}
}

@misc{h264,
  title={ITU-T Recommendation H. 264. Advanced video coding for generic audiovisual services},
  author={Sector, Telecommunication Standardization},
  year={2009},
  publisher={Geneva, Switzerland: Telecommunication Standardization Sector}
}

@article{fcsurvey,
  title={Fountain codes},
  author={MacKay, David JC},
  journal={IEE Proceedings-Communications},
  volume={152},
  number={6},
  pages={1062--1068},
  year={2005},
  publisher={IET}
}

@techreport{rossifc,
  title={Instructor’s notes on Fountain Codes},
  author={Michele Rossi},
  institution={Dipartimento di Ingegneria dell'Informazione, Università di Padova},
  year={2013}
}

@inproceedings{uepother,
  title={Unequal error protection using LT codes and block duplication.},
  author={Ahmad, Shakeel and Hamzaoui, Raouf and Al-Akaidi, Marwan},
  year={2008},
  organization={Eurosis}
}
